<?xml version="1.0" encoding="UTF-8"?><collection xmlns="http://www.loc.gov/MARC21/slim"><record><leader>00320nam--2200121-i-4500</leader><controlfield tag="001">000036715</controlfield><controlfield tag="002">20161230</controlfield><controlfield tag="005">20161230201041</controlfield><controlfield tag="008">060222s1000------------r-----000-0-eng-d</controlfield><datafield ind1=" " ind2=" " tag="100"><subfield code="a">Plazin, J., Van Slyke, D.D</subfield></datafield><datafield ind1=" " ind2=" " tag="245"><subfield code="a">Micromanometric analyses</subfield></datafield><datafield ind1=" " ind2=" " tag="260"><subfield code="a">Baltimore, Williams &amp; Wilkins Co., 1961, X + 89p</subfield></datafield><datafield ind1=" " ind2=" " tag="852"><subfield code="a">19042</subfield></datafield></record></collection>